<?xml version="1.0" encoding="UTF-8" ?>
<collection xmlns:xsi="http://www.w3.org/2001/XMLSchema-instance"
    xsi:schemaLocation="http://www.loc.gov/MARC21/slim
        http://www.loc.gov/standards/marcxml/schema/MARC21slim.xsd"
    xmlns="http://www.loc.gov/MARC21/slim">
<record>
  <leader>00292cam a2200577 ia4500</leader>
  <controlfield tag="001">b12530359</controlfield>
  <controlfield tag="003">LeBAU</controlfield>
  <controlfield tag="005">20140819</controlfield>
  <controlfield tag="008">970722s1952    le       b    001 0 ara d</controlfield>
  <datafield tag="035" ind1=" " ind2=" ">
    <subfield code="a">ocn784389827</subfield>
  </datafield>
  <datafield tag="037" ind1=" " ind2=" ">
    <subfield code="b">Library</subfield>
    <subfield code="z">30975</subfield>
  </datafield>
  <datafield tag="040" ind1=" " ind2=" ">
    <subfield code="a">LEAUB</subfield>
    <subfield code="b">ara</subfield>
    <subfield code="e">rda</subfield>
    <subfield code="c">LEAUB</subfield>
    <subfield code="d">LEAUB</subfield>
  </datafield>
  <datafield tag="082" ind1="0" ind2="4">
    <subfield code="a">892.709</subfield>
    <subfield code="2">22</subfield>
  </datafield>
  <datafield tag="100" ind1="1" ind2=" ">
    <subfield code="6">880-01</subfield>
    <subfield code="a">Maqdisī, Anīs al-Khūrī,</subfield>
    <subfield code="d">1885-1977,</subfield>
    <subfield code="e">author.</subfield>
  </datafield>
  <datafield tag="245" ind1="1" ind2="0">
    <subfield code="6">880-02</subfield>
    <subfield code="a">al-Ittijāhāt al-adabīyah fī al-ʻālam al-ʻArabī al-ḥadīth :</subfield>
    <subfield code="b">wa-hiya dirāsāt taḥlīlīyah lil-ʻawāmil al-faʻ‘ālah fī al-nahḍah al-ʻArabīyah al-ḥadīthah wa-li-ẓawāhirihā al-adabīyah al-raʼīsīyah /</subfield>
    <subfield code="c">Anīs al-Khūrī al-Maqdisī, ustādh al-adab al-‘Arabī fī Jāmi‘at Bayrūt al-Amīrkīyah wa-‘uḍw al-Majma‘ al-‘Ilmī al-‘Arabī.</subfield>
  </datafield>
  <datafield tag="246" ind1="1" ind2="5">
    <subfield code="a">Literar trends in the modern Arab world : a study of the political, social and intellectual background of Arabic literature in the first half of the twentieth century</subfield>
  </datafield>
  <datafield tag="250" ind1=" " ind2=" ">
    <subfield code="6">880-03</subfield>
    <subfield code="a">al-Ṭab‘ah al-ūlá.</subfield>
  </datafield>
  <datafield tag="264" ind1=" " ind2="1">
    <subfield code="6">880-04</subfield>
    <subfield code="a">Bayrūt :</subfield>
    <subfield code="b">Jāmi‘at Bayrūt al-Amīrkīyah, Manshūrāt Kullīyat al-‘Ulūm wa-al-Ādāb,</subfield>
    <subfield code="c">1952.</subfield>
  </datafield>
  <datafield tag="300" ind1=" " ind2=" ">
    <subfield code="6">880-05</subfield>
    <subfield code="a">2 volumes ;</subfield>
    <subfield code="c">23 cm.</subfield>
  </datafield>
  <datafield tag="336" ind1=" " ind2=" ">
    <subfield code="a">text</subfield>
    <subfield code="b">txt</subfield>
    <subfield code="2">rdacontent</subfield>
  </datafield>
  <datafield tag="337" ind1=" " ind2=" ">
    <subfield code="a">unmediated</subfield>
    <subfield code="b">n</subfield>
    <subfield code="2">rdamedia</subfield>
  </datafield>
  <datafield tag="338" ind1=" " ind2=" ">
    <subfield code="a">volume</subfield>
    <subfield code="b">nc</subfield>
    <subfield code="2">rdacarrier</subfield>
  </datafield>
  <datafield tag="490" ind1="1" ind2=" ">
    <subfield code="6">880-06</subfield>
    <subfield code="a">Manshūrāt Kullīyat al-‘Ulūm wa-al-Ādāb. Silsilat al-‘ulūm al-sharqīyah ;</subfield>
    <subfield code="v">al-ḥalaqah [al-thānīyah] wa-al-‘ushrūn - al-ḥalaqah al-thālithah wa-al-‘ushrūn</subfield>
  </datafield>
  <datafield tag="500" ind1=" " ind2=" ">
    <subfield code="a">"وقع خطأ في ترقيم الجزء الأول من هذا الكتاب بالحلقة الحادية والعشرين من هذه السلسلة وصوابه "الحلقة الثانية والعشرين"" --الجزء الثاني، صفحة [2]</subfield>
  </datafield>
  <datafield tag="504" ind1=" " ind2=" ">
    <subfield code="a">يتضمن مراجع ببليوغرافية (الجزء الثاني، صفحات 218-224) وكشاف.</subfield>
  </datafield>
  <datafield tag="590" ind1=" " ind2=" ">
    <subfield code="a">في المكتبة: نسخة قسم الارشيف والمجموعات الخاصة مجلدة 2 جزء ببليوغرافي في 1 جزء مادي.</subfield>
  </datafield>
  <datafield tag="650" ind1=" " ind2="4">
    <subfield code="a">الأدب العربي</subfield>
    <subfield code="y">القرن العشرون</subfield>
    <subfield code="x">تاريخ ونقد.</subfield>
  </datafield>
  <datafield tag="650" ind1=" " ind2="4">
    <subfield code="a">الأدب العربي</subfield>
    <subfield code="y">1801-</subfield>
    <subfield code="x">تاريخ ونقد.</subfield>
  </datafield>
  <datafield tag="650" ind1=" " ind2="0">
    <subfield code="a">Arabic literature</subfield>
    <subfield code="y">20th century</subfield>
    <subfield code="x">History and criticism.</subfield>
  </datafield>
  <datafield tag="650" ind1=" " ind2="0">
    <subfield code="a">Arabic literature</subfield>
    <subfield code="y">1801-</subfield>
    <subfield code="x">History and criticism.</subfield>
  </datafield>
  <datafield tag="762" ind1="0" ind2=" ">
    <subfield code="6">880-07</subfield>
    <subfield code="a">Silsilat al-‘ulūm al-sharqīyah</subfield>
  </datafield>
  <datafield tag="830" ind1=" " ind2="0">
    <subfield code="6">880-08</subfield>
    <subfield code="a">Manshūrāt Kullīyat al-‘Ulūm wa-al-Ādāb.</subfield>
    <subfield code="p">Silsilat al-‘ulūm al-sharqīyah ;</subfield>
    <subfield code="v">22-23.</subfield>
  </datafield>
  <datafield tag="852" ind1=" " ind2=" ">
    <subfield code="a">Jafet Library</subfield>
    <subfield code="e">American University of Beirut, Bliss Street , Beirut, Lebanon.</subfield>
  </datafield>
  <datafield tag="852" ind1=" " ind2=" ">
    <subfield code="a">Jafet Archives and Special Collections</subfield>
    <subfield code="e">American University of Beirut, Bliss Street , Beirut, Lebanon.</subfield>
  </datafield>
  <datafield tag="880" ind1="1" ind2=" ">
    <subfield code="6">100-01/(3/r</subfield>
    <subfield code="a">المقدسي، انيس الخوري،</subfield>
    <subfield code="d">1885-1977،</subfield>
    <subfield code="e">مؤلف. </subfield>
    <subfield code="4">aut.</subfield>
  </datafield>
  <datafield tag="880" ind1="1" ind2="0">
    <subfield code="6">245-02/(3/r</subfield>
    <subfield code="a">الإتجاهات الأدبية في العالم العربي الحديث :</subfield>
    <subfield code="b">وهي دراسات تحليلية للعوامل الفعالة في النهضة العربية الحديثة ولظواهرها الأدبية الرئيسية /</subfield>
    <subfield code="c">أنيس الخوري المقدسي، أستاذ الأدب العربي في جامعة بيروت الأميركية وعضو المجمع العلمي العربي.</subfield>
  </datafield>
  <datafield tag="880" ind1=" " ind2=" ">
    <subfield code="6">250-03/(3/r</subfield>
    <subfield code="a">الطبعة الأولى.</subfield>
  </datafield>
  <datafield tag="880" ind1=" " ind2="1">
    <subfield code="6">264-04/(3/r</subfield>
    <subfield code="a">بيروت :</subfield>
    <subfield code="b">جامعة بيروت الأميركية، منشورات كلية العلوم والآداب،</subfield>
    <subfield code="c">1952.</subfield>
  </datafield>
  <datafield tag="880" ind1=" " ind2=" ">
    <subfield code="6">300-05/(3/r</subfield>
    <subfield code="a">2 جزء ؛</subfield>
    <subfield code="c">23 سم.</subfield>
  </datafield>
  <datafield tag="880" ind1="1" ind2=" ">
    <subfield code="6">490-06/(3/r</subfield>
    <subfield code="a">منشورات كلية العلوم والآداب. سلسلة العلوم الشرقية ؛</subfield>
    <subfield code="v">الحلقة [الثانية] والعشرون - الحلقة الثالثة والعشرون</subfield>
  </datafield>
  <datafield tag="880" ind1="0" ind2=" ">
    <subfield code="6">762-07/(3/r</subfield>
    <subfield code="a">سلسلة العلوم الشرقية</subfield>
  </datafield>
  <datafield tag="880" ind1=" " ind2="0">
    <subfield code="6">830-08/(3/r</subfield>
    <subfield code="a">منشورات كلية العلوم والآداب.</subfield>
    <subfield code="p">سلسلة العلوم الشرقية ؛</subfield>
    <subfield code="v">22-23.</subfield>
  </datafield>
  <datafield tag="907" ind1=" " ind2=" ">
    <subfield code="a">.b12530359</subfield>
    <subfield code="b">16-10-20</subfield>
    <subfield code="c">11-05-24</subfield>
  </datafield>
  <datafield tag="907" ind1=" " ind2=" ">
    <subfield code="a">.b12530359</subfield>
    <subfield code="b">15-10-15</subfield>
    <subfield code="c">11-05-24</subfield>
  </datafield>
  <datafield tag="945" ind1=" " ind2=" ">
    <subfield code="f">CA:AUB</subfield>
    <subfield code="a">892.709:M23iA:v.1-2:c.1</subfield>
    <subfield code="g">1</subfield>
    <subfield code="i">01068643</subfield>
    <subfield code="j">.i1303151x</subfield>
    <subfield code="l">u0305</subfield>
  </datafield>
  <datafield tag="945" ind1=" " ind2=" ">
    <subfield code="f">CA:AUB</subfield>
    <subfield code="a">892.709:M23iA:v.1-2:c.2</subfield>
    <subfield code="g">1</subfield>
    <subfield code="i">00339531</subfield>
    <subfield code="j">.i13031521</subfield>
    <subfield code="l">u0305</subfield>
  </datafield>
  <datafield tag="945" ind1=" " ind2=" ">
    <subfield code="f">J</subfield>
    <subfield code="a">892.709:M23iA:v.1:c.1</subfield>
    <subfield code="g">1</subfield>
    <subfield code="i">00512639</subfield>
    <subfield code="j">.i13031491</subfield>
    <subfield code="l">u0503</subfield>
  </datafield>
  <datafield tag="945" ind1=" " ind2=" ">
    <subfield code="f">J</subfield>
    <subfield code="a">892.709:M23iA:v.1:c.2</subfield>
    <subfield code="g">1</subfield>
    <subfield code="i">00512640</subfield>
    <subfield code="j">.i13031508</subfield>
    <subfield code="l">u0503</subfield>
  </datafield>
  <datafield tag="945" ind1=" " ind2=" ">
    <subfield code="f">J</subfield>
    <subfield code="a">892.709:M23iA:v.2:c.1</subfield>
    <subfield code="g">1</subfield>
    <subfield code="i">00512641</subfield>
    <subfield code="j">.i20038483</subfield>
    <subfield code="l">u0503</subfield>
  </datafield>
  <datafield tag="945" ind1=" " ind2=" ">
    <subfield code="f">J</subfield>
    <subfield code="a">892.709:M23iA:v.2:c.2</subfield>
    <subfield code="g">1</subfield>
    <subfield code="i">00512642</subfield>
    <subfield code="j">.i20038495</subfield>
    <subfield code="l">u0503</subfield>
  </datafield>
  <datafield tag="998" ind1=" " ind2=" ">
    <subfield code="a">(2)u03</subfield>
    <subfield code="a">(2)u05</subfield>
    <subfield code="b">97-07-22</subfield>
    <subfield code="c">m</subfield>
    <subfield code="d">a</subfield>
    <subfield code="e">-</subfield>
    <subfield code="f">ara</subfield>
    <subfield code="g">le </subfield>
    <subfield code="h">0</subfield>
    <subfield code="i">4</subfield>
  </datafield>
</record>
</collection>
